<?xml version="1.0" encoding="UTF-8"?><collection xmlns="http://www.loc.gov/MARC21/slim"><record><leader>00419nam--2200145-i-4500</leader><controlfield tag="001">000035219</controlfield><controlfield tag="002">20161230</controlfield><controlfield tag="005">20161230201040</controlfield><controlfield tag="008">060222s1000------------r-----000-0-eng-d</controlfield><datafield ind1=" " ind2=" " tag="100"><subfield code="a">Pavel-pircu, Monica Et Korganoff, Andre</subfield></datafield><datafield ind1=" " ind2=" " tag="245"><subfield code="a">Methodes de calcul numerique. vol.1: algebre non lineaire</subfield></datafield><datafield ind1=" " ind2=" " tag="260"><subfield code="a">PARIS, DUNOD, 1961, XXVII + 375 p</subfield></datafield><datafield ind1=" " ind2=" " tag="490"><subfield code="v">vol.1</subfield></datafield><datafield ind1=" " ind2=" " tag="852"><subfield code="a">17443</subfield><subfield code="c">518.12</subfield></datafield><datafield ind1=" " ind2=" " tag="CAT"><subfield code="a">Sys</subfield><subfield code="c">20090630</subfield><subfield code="h">095904</subfield></datafield></record></collection>